@article{bachelorThesis,
  title={Optimization, Specification and Verification of the Prefix Sum Program in an OpenCL Environment},
  author={Wiefferink, Thijs},
  year={2015}
}
